@ARTICLE{Geiger2013IJRR,
  author = {Andreas Geiger and Philip Lenz and Christoph Stiller and Raquel Urtasun},
  title = {Vision meets Robotics: The KITTI Dataset},
  journal = {International Journal of Robotics Research (IJRR)},
  year = {2013}
} 

@ARTICLE{blanco2013mlgdataset,
    author = {Blanco, Jos{\'{e}}-Luis and Moreno, Francisco-Angel and Gonz{\'{a}}lez-Jim{\'{e}}nez, Javier},
     title = {The M{\'{a}}laga Urban Dataset: High-rate Stereo and Lidars in a realistic urban scenario},
   journal = {International Journal of Robotics Research},
    volume = {33},
    number = {2},
      year = {2014},
       url = {http://www.mrpt.org/MalagaUrbanDataset},
       doi = {10.1177/0278364913507326},
     pages = {207--214}
}

@ARTICLE{scaramuzza2011vo1,
    author = {Scaramuzza, D. and Fraundorfer, F.},
     title = {Visual Odometry: Part I - The First 30 Years and Fundamentals},
   journal = {IEEE Robotics and Automation Magazine},
    volume = {18},
    number = {4},
      year = {2011},
       url = {http://rpg.ifi.uzh.ch/docs/VO_Part_I_Scaramuzza.pdf}
}

@ARTICLE{scaramuzza2012vo2,
    author = {Scaramuzza, D. and Fraundorfer, F.},
     title = {Visual odometry: Part II - Matching, robustness, optimization, and applications},
   journal = {IEEE Robotics and Automation Magazine},
    volume = {19},
    number = {2},
      year = {2012},
       url = {http://rpg.ifi.uzh.ch/docs/VO_Part_II_Scaramuzza.pdf}
}